<?xml version="1.0" encoding="UTF-8"?><collection xmlns="http://www.loc.gov/MARC21/slim"><record><leader>00639nam--2200181-i-4500</leader><controlfield tag="001">000029032</controlfield><controlfield tag="002">20161230</controlfield><controlfield tag="005">20161230201037</controlfield><controlfield tag="008">060222s1000------------r-----000-0-fre-d</controlfield><datafield ind1=" " ind2=" " tag="040"><subfield code="a">IFIN-HH</subfield></datafield><datafield ind1=" " ind2=" " tag="041"><subfield code="a">fre</subfield></datafield><datafield ind1=" " ind2=" " tag="080"><subfield code="a">535.33:535-31(043)</subfield></datafield><datafield ind1="1" ind2=" " tag="100"><subfield code="a">Leveque, G</subfield></datafield><datafield ind1="1" ind2="0" tag="245"><subfield code="a">Pouvoir reflecteur de mos2, nbse2. gase et gate dans l`ultraviolet extreme. calcul des constante optiques et analyse des transitions electroniques dans l`ensemble du spectre</subfield><subfield code="b">These</subfield><subfield code="c">G. leveque</subfield></datafield><datafield ind1=" " ind2=" " tag="260"><subfield code="a">Montpellier</subfield><subfield code="b">Universite Des Sciences Et Techniques Du Languedoc</subfield><subfield code="c">1979</subfield></datafield><datafield ind1=" " ind2=" " tag="300"><subfield code="a">331P</subfield></datafield><datafield ind1=" " ind2=" " tag="852"><subfield code="a">48500</subfield><subfield code="c">535.33</subfield></datafield><datafield ind1=" " ind2=" " tag="CAT"><subfield code="a">Sys</subfield><subfield code="c">20101216</subfield><subfield code="h">120218</subfield></datafield></record></collection>